<?xml version="1.0" encoding="UTF-8"?>
<collection xmlns:xsi="http://www.w3.org/2001/XMLSchema-instance" xsi:schemaLocation="http://www.loc.gov/MARC21/slim http://www.loc.gov/standards/marcxml/schema/MARC21slim.xsd" xmlns="http://www.loc.gov/MARC21/slim">
<record>
  <leader>01622cam a2200313 a 4500</leader>
  <controlfield tag="001">2679373</controlfield>
  <controlfield tag="003">NNC</controlfield>
  <controlfield tag="005">20150920222858.0</controlfield>
  <controlfield tag="008">911010s1935    ua ab         001 0 ara d</controlfield>
  <datafield tag="010" ind1=" " ind2=" ">
    <subfield code="a">   68000545 /NE</subfield>
  </datafield>
  <datafield tag="035" ind1=" " ind2=" ">
    <subfield code="a">(OCoLC)ocm24527567</subfield>
  </datafield>
  <datafield tag="035" ind1=" " ind2=" ">
    <subfield code="9">ARC8133CU</subfield>
  </datafield>
  <datafield tag="035" ind1=" " ind2=" ">
    <subfield code="a">(NNC)2679373</subfield>
  </datafield>
  <datafield tag="040" ind1=" " ind2=" ">
    <subfield code="a">CLE</subfield>
    <subfield code="c">CLE</subfield>
    <subfield code="d">OCL</subfield>
    <subfield code="d">ZCU</subfield>
  </datafield>
  <datafield tag="043" ind1=" " ind2=" ">
    <subfield code="a">a-su---</subfield>
  </datafield>
  <datafield tag="050" ind1=" " ind2=" ">
    <subfield code="a">DS244</subfield>
    <subfield code="b">.W19 1935</subfield>
  </datafield>
  <datafield tag="099" ind1=" " ind2=" ">
    <subfield code="a">953</subfield>
    <subfield code="a">W125</subfield>
  </datafield>
  <datafield tag="100" ind1="1" ind2=" ">
    <subfield code="a">Wahbah, Hafiz,</subfield>
    <subfield code="d">1889-</subfield>
  </datafield>
  <datafield tag="245" ind1="1" ind2="0">
    <subfield code="a">Jazīrat al-ʻArab fī al-qarn al-ʻishrin̄ :</subfield>
    <subfield code="b">ṭabīʻat Jazīrat al-ʻArab wa-ḥālatuhā al-ijtimāʻīyah al-ḥāḍirah. Daʻwat al-Wahhābīyah wa-tārīkhuhum wa-mabādiʾuhum. al-Ḥukūmāt al-ʻArabīyah allatī taʻāqabat ʻalá al-Jazīrah fī al-ʻuṣūr al-ḥadīthah. al-Thawrah al-ʻArabīyah. Āl Saʻūd wa-tārīkhuhum wa-aʻmāluhum. Muʾtamarāt al-ṣulḥ wa-al-muʻāhadāt. al-Wathāʾiq al-rasmīyah allatī dārat bayna ḥukūmat al-Ashrāf wa-Āl Saʻūd wa-Barīṭānīyah-- /</subfield>
    <subfield code="c">tal̕īf Ḥāfiẓ Wahbah.</subfield>
  </datafield>
  <datafield tag="250" ind1=" " ind2=" ">
    <subfield code="a">al-Ṭabʻah 1.</subfield>
  </datafield>
  <datafield tag="260" ind1=" " ind2=" ">
    <subfield code="a">[Cairo] :</subfield>
    <subfield code="b">Lajnat al-Taʾlīf wa-al-Tarjamah wa-al-Nashr,</subfield>
    <subfield code="c">1935.</subfield>
  </datafield>
  <datafield tag="300" ind1=" " ind2=" ">
    <subfield code="a">9, 436 p., [26] leaves of plates (some folded) :</subfield>
    <subfield code="b">ill., maps ;</subfield>
    <subfield code="c">24 cm.</subfield>
  </datafield>
  <datafield tag="500" ind1=" " ind2=" ">
    <subfield code="a">At head of title : Lajnat al-Tal̕īf wa-al-Tarjamah wa-al-Nashr.</subfield>
  </datafield>
  <datafield tag="504" ind1=" " ind2=" ">
    <subfield code="a">Includes bibliographical references (p. 348-49) and index.</subfield>
  </datafield>
  <datafield tag="651" ind1=" " ind2="0">
    <subfield code="a">Saudi Arabia</subfield>
    <subfield code="x">History.</subfield>
  </datafield>
  <datafield tag="651" ind1=" " ind2="0">
    <subfield code="a">Arabian Peninsula</subfield>
    <subfield code="x">History</subfield>
    <subfield code="y">20th century.</subfield>
  </datafield>
  <datafield tag="651" ind1=" " ind2="0">
    <subfield code="a">Saudi Arabia</subfield>
    <subfield code="x">Description and travel.</subfield>
  </datafield>
  <datafield tag="651" ind1=" " ind2="0">
    <subfield code="a">Saudi Arabia</subfield>
    <subfield code="x">Politics and government.</subfield>
  </datafield>
  <datafield tag="955" ind1=" " ind2=" ">
    <subfield code="b">0314966824</subfield>
    <subfield code="d">glx</subfield>
    <subfield code="e">953 W125</subfield>
  </datafield>
</record>
</collection>